<record><leader>00000cas a22000007a 4500</leader><controlfield tag="001">17358921</controlfield><controlfield tag="008">880119d18881902ohucr ne      0    0eng d</controlfield><datafield ind1=" " ind2=" " tag="010"><subfield code="a">sn 88077035 </subfield></datafield><datafield ind1=" " ind2=" " tag="040"><subfield code="a">ONP</subfield><subfield code="b">eng</subfield><subfield code="c">ONP</subfield><subfield code="d">OCLCQ</subfield></datafield><datafield ind1=" " ind2=" " tag="042"><subfield code="a">msc</subfield></datafield><datafield ind1="0" ind2="4" tag="245"><subfield code="a">The Xenia semi-weekly gazette and torchlight.</subfield></datafield><datafield ind1=" " ind2=" " tag="260"><subfield code="a">Xenia, Ohio :</subfield><subfield code="b">W.B. Chew,</subfield><subfield code="c">1888-1902.</subfield></datafield><datafield ind1=" " ind2=" " tag="310"><subfield code="a">Semiweekly</subfield></datafield><datafield ind1="0" ind2=" " tag="362"><subfield code="a">Vol. 21, no. 1 (Aug. 10, 1888)-v. 34, no. 46 (June 17, 1902).</subfield></datafield><datafield ind1=" " ind2=" " tag="752"><subfield code="a">United States</subfield><subfield code="b">Ohio</subfield><subfield code="c">Greene</subfield><subfield code="d">Xenia.</subfield></datafield><datafield ind1="0" ind2=" " tag="775"><subfield code="t">Xenia daily gazette and torchlight</subfield></datafield><datafield ind1="0" ind2="4" tag="780"><subfield code="t">Xenia semi-weekly gazette</subfield><subfield code="w">(DLC)sn 88077034</subfield></datafield><datafield ind1="0" ind2="4" tag="780"><subfield code="t">Semi-weekly torchlight</subfield><subfield code="w">(DLC)sn 88077031</subfield></datafield><datafield ind1="0" ind2="0" tag="785"><subfield code="t">Xenia gazette (Xenia, Ohio : 1902)</subfield><subfield code="w">(DLC)sn 88077036</subfield></datafield></record>